@article{Murugan:2007eg,
author = {Murugan, Ramaswamy and Thangadurai, Venkataraman and Weppner, Werner},
title = {{Fast Lithium Ion Conduction in Garnet-Type Li$_7$La$_3$Zr$_2$O$_{12}$}},
journal = {Angewandte Chemie International Edition},
year = {2007},
volume = {46},
number = {41},
pages = {7778--7781},
month = oct,
publisher = {John Wiley {\&} Sons, Ltd},
keywords = {lithium garnet, LLZO},
doi = {10.1002/anie.200701144},
language = {English},
rating = {0},
date-added = {2020-05-07T15:52:29GMT},
date-modified = {2020-05-07T15:53:32GMT},
abstract = {Low activation energy and fast lithium ion conduction have been observed for the new compound Li7La3Zr2O12. Relative to previously reported lithium garnets, the solid electrolyte shows a larger cubic...},
url = {http://doi.wiley.com/10.1002/anie.200701144},
local-url = {file://localhost/Users/martin/Dropbox/Papers/Library.papers3/Files/24/24BC3357-9A58-4E19-A8E2-1579D9DE95D4.pdf},
file = {{24BC3357-9A58-4E19-A8E2-1579D9DE95D4.pdf:/Users/martin/Dropbox/Papers/Library.papers3/Files/24/24BC3357-9A58-4E19-A8E2-1579D9DE95D4.pdf:application/pdf;24BC3357-9A58-4E19-A8E2-1579D9DE95D4.pdf:/Users/martin/Dropbox/Papers/Library.papers3/Files/24/24BC3357-9A58-4E19-A8E2-1579D9DE95D4.pdf:application/pdf}},
uri = {\url{papers3://publication/doi/10.1002/anie.200701144}}
}

@article{Awaka:2009jv,
author = {Awaka, Junji and Kijima, Norihito and Hayakawa, Hiroshi and Akimoto, Junji},
title = {{Synthesis and structure analysis of tetragonal Li$_7$La$_3$Zr$_2$O$_{12}$ with the garnet-related type structure}},
journal = {Journal of Solid State Chemistry},
year = {2009},
volume = {182},
number = {8},
pages = {2046--2052},
month = jul,
publisher = {Elsevier},
keywords = {Crystal structure, lithium garnet, LLZO, neutron diffraction, x-ray diffraction},
doi = {10.1016/j.jssc.2009.05.020},
read = {Yes},
rating = {0},
date-added = {2020-05-07T16:09:32GMT},
date-modified = {2020-05-07T16:15:08GMT},
url = {http://dx.doi.org/10.1016/j.jssc.2009.05.020},
local-url = {file://localhost/Users/martin/Dropbox/Papers/Library.papers3/Files/30/30E1A7A7-2C83-4D26-86B0-0DEFD93B3069.pdf},
file = {{30E1A7A7-2C83-4D26-86B0-0DEFD93B3069.pdf:/Users/martin/Dropbox/Papers/Library.papers3/Files/30/30E1A7A7-2C83-4D26-86B0-0DEFD93B3069.pdf:application/pdf}},
uri = {\url{papers3://publication/doi/10.1016/j.jssc.2009.05.020}}
}

@article{Li:2011bk,
author = {Li, Yutao and Wang, Chang- An and Xie, Hui and Cheng, Jinguang and Goodenough, John B},
title = {{High lithium ion conduction in garnet-type Li$_6$La$_3$ZrTaO$_{12}$}},
journal = {Electrochemistry Communications},
year = {2011},
volume = {13},
number = {12},
pages = {1289--1292},
month = dec,
publisher = {Elsevier B.V.},
keywords = {Crystal structure, lithium garnet, LLZO, x-ray diffraction},
doi = {10.1016/j.elecom.2011.07.008},
read = {Yes},
rating = {0},
date-added = {2020-05-07T15:56:09GMT},
date-modified = {2020-05-07T16:00:17GMT},
abstract = {Electrochemistry Communications, 13 (2011) 1289-1292. doi:10.1016/j.elecom.2011.07.008},
url = {http://dx.doi.org/10.1016/j.elecom.2011.07.008},
local-url = {file://localhost/Users/martin/Dropbox/Papers/Library.papers3/Files/41/4104927F-CBF5-4CB1-9D08-44BC6217A004.pdf},
file = {{4104927F-CBF5-4CB1-9D08-44BC6217A004.pdf:/Users/martin/Dropbox/Papers/Library.papers3/Files/41/4104927F-CBF5-4CB1-9D08-44BC6217A004.pdf:application/pdf}},
uri = {\url{papers3://publication/doi/10.1016/j.elecom.2011.07.008}}
}

@article{Wolfenstine:2012iy,
author = {Wolfenstine, Jeff and Ratchford, Joshua and Rangasamy, Ezhiyl and Sakamoto, Jeffrey and Allen, Jan L},
title = {{Synthesis and high Li-ion conductivity of Ga-stabilized cubic Li$_7$La$_3$Zr$_2$O$_{12}$}},
journal = {Materials Chemistry and Physics},
year = {2012},
volume = {134},
number = {2-3},
pages = {571--575},
month = jun,
publisher = {Elsevier B.V},
keywords = {Crystal structure, LLZO},
doi = {10.1016/j.matchemphys.2012.03.054},
read = {Yes},
rating = {0},
date-added = {2020-05-07T16:05:09GMT},
date-modified = {2020-05-07T16:07:02GMT},
abstract = {Materials Chemistry and Physics, 134 (2012) 571-575. doi:10.1016/j.matchemphys.2012.03.054},
url = {http://dx.doi.org/10.1016/j.matchemphys.2012.03.054},
local-url = {file://localhost/Users/martin/Dropbox/Papers/Library.papers3/Files/AC/AC7EF86A-D9BB-443F-B313-F0C1AC741EAD.pdf},
file = {{AC7EF86A-D9BB-443F-B313-F0C1AC741EAD.pdf:/Users/martin/Dropbox/Papers/Library.papers3/Files/AC/AC7EF86A-D9BB-443F-B313-F0C1AC741EAD.pdf:application/pdf}},
uri = {\url{papers3://publication/doi/10.1016/j.matchemphys.2012.03.054}}
}

@article{Ohta:2011ie,
author = {Ohta, Shingo and Kobayashi, Tetsuro and Asaoka, Takahiko},
title = {{High lithium ionic conductivity in the garnet-type oxide Li$_{7-X}$La$_3$(Zr$_{2-X}$, Nb$_X$)O$_{12}$ ($X=0-2$)}},
journal = {Journal of Power Sources},
year = {2011},
volume = {196},
number = {6},
pages = {3342--3345},
month = mar,
publisher = {Elsevier B.V.},
keywords = {lithium garnet, LLZO},
doi = {10.1016/j.jpowsour.2010.11.089},
read = {Yes},
rating = {0},
date-added = {2020-05-07T16:26:27GMT},
date-modified = {2020-05-07T16:29:24GMT},
abstract = {Journal of Power Sources, 196 (2010) 3342-3345. 10.1016/j.jpowsour.2010.11.089},
url = {http://dx.doi.org/10.1016/j.jpowsour.2010.11.089},
local-url = {file://localhost/Users/martin/Dropbox/Papers/Library.papers3/Files/E0/E078D336-2C21-4CF6-8635-39227A255074.pdf},
file = {{E078D336-2C21-4CF6-8635-39227A255074.pdf:/Users/martin/Dropbox/Papers/Library.papers3/Files/E0/E078D336-2C21-4CF6-8635-39227A255074.pdf:application/pdf}},
uri = {\url{papers3://publication/doi/10.1016/j.jpowsour.2010.11.089}}
}

@article{Cussen:2011dg,
author = {Cussen, Edmund J and Yip, Thomas W S and O'Neill, Gemma and O'Callaghan, Michael P},
title = {{A comparison of the transport properties of lithium-stuffed garnets and the conventional phases Li$_3$Ln$_3$Te$_2$O$_{12}$}},
journal = {Journal of Solid State Chemistry},
year = {2011},
volume = {184},
number = {2},
pages = {470--475},
month = feb,
keywords = {lithium garnet, LLZO},
doi = {10.1016/j.jssc.2010.12.021},
language = {English},
rating = {0},
date-added = {2020-05-07T16:30:50GMT},
date-modified = {2020-05-07T16:31:30GMT},
url = {https://linkinghub.elsevier.com/retrieve/pii/S0022459610005670},
local-url = {file://localhost/Users/martin/Dropbox/Papers/Library.papers3/Files/21/21711A77-9DDC-49B0-B988-6CC5E49F1796.pdf},
file = {{21711A77-9DDC-49B0-B988-6CC5E49F1796.pdf:/Users/martin/Dropbox/Papers/Library.papers3/Files/21/21711A77-9DDC-49B0-B988-6CC5E49F1796.pdf:application/pdf}},
uri = {\url{papers3://publication/doi/10.1016/j.jssc.2010.12.021}}
}


@article{doi:10.1246/cl.2011.60,
author = { Awaka Junji  and  Takashima Akira  and  Kataoka Kunimitsu  and  Kijima Norihito  and  Idemoto Yasushi  and  Akimoto Junji },
title = {Crystal Structure of Fast Lithium-ion-conducting Cubic Li7La3Zr2O12},
journal = {Chemistry Letters},
volume = {40},
number = {1},
pages = {60-62},
year = {2011},
doi = {10.1246/cl.2011.60},
URL = {https://doi.org/10.1246/cl.2011.60}
}

@article{DanielRettenwander:2016ei,
author = {{Daniel Rettenwander} and Redhammer, Gunther J and Preishuber-Pflugl, Florian and Cheng, Lei and Miara, Lincoln and Wagner, Reinhard and Welzl, Andreas and Suard, Emmanuelle and {Marca M Doeff} and Wilkening, Martin and Fleig, Jurgen and Amthauer, Georg},
title = {{Structural and Electrochemical Consequences of Al and Ga Cosubstitution in Li$_7$La$_3$Zr$_2$O$_{12}$ Solid Electrolytes}},
journal = {Chemistry of Materials},
year = {2016},
volume = {28},
pages = {2384--2392},
month = mar,
keywords = {Crystal structure, DFT, lithium garnet, LLZO, neutron diffraction, x-ray diffraction},
doi = {10.1021/acs.chemmater.6b00579},
read = {Yes},
rating = {0},
date-added = {2020-05-07T16:38:01GMT},
date-modified = {2020-05-07T17:11:25GMT},
abstract = {Chem. Mater. 2016.28:2384-2392},
local-url = {file://localhost/Users/martin/Dropbox/Papers/Library.papers3/Files/08/08B49BA6-A8F1-4BCD-ACC2-613FC938A579.pdf},
file = {{08B49BA6-A8F1-4BCD-ACC2-613FC938A579.pdf:/Users/martin/Dropbox/Papers/Library.papers3/Files/08/08B49BA6-A8F1-4BCD-ACC2-613FC938A579.pdf:application/pdf}},
uri = {\url{papers3://publication/doi/10.1021/acs.chemmater.6b00579}}
}

@article{Basham:2015cf,
author = {Basham, M and Filik, J and Wharmby, M T and {Chang, P.C.Y.} and El Kassaby, B and Gerring, M and Aishima, J and Levik, K and Pulford, B C A and Sikharulidze, I and Sneddon, D and Webber, M and Dhesi, S S and Maccherozzi, F and Svensson, O and Brockhauser, S and Naray, G and Ashton, A W},
title = {{Data Analysis WorkbeNch (DAWN)}},
journal = {J. Synchrotron Rad (2015). 22, 853-858  [doi:10.1107/S1600577515002283]},
year = {2015},
pages = {1--6},
month = apr,
publisher = {International Union of Crystallography},
keywords = {DAWN, software, synchrotron radiation},
doi = {10.1107/S1600577515002283},
language = {English},
rating = {0},
date-added = {2020-05-07T17:13:44GMT},
date-modified = {2020-05-07T17:14:22GMT},
abstract = {Synchrotron light source facilities worldwide generate terabytes of data in numerous incompatible data formats from a wide range of experiment types. The Data Analysis WorkbeNch (DAWN) was developed to address the challenge of providing a single visualization and analysis platform for data from any synchrotron experiment (including single-crystal and powder diffraction, tomography and spectroscopy), whilst also being sufficiently extensible for new specific use case analysis environments to be incorporated (e.g. ARPES, PEEM). In this work, the history and current state of DAWN are presented, with two case studies to demonstrate specific functionality. The first is an example of a data processing and reduction problem using the generic tools, whilst the second shows how these tools can be targeted to a specific scientific area.},
local-url = {file://localhost/Users/martin/Dropbox/Papers/Library.papers3/Files/DB/DB74EFE5-A1B4-4509-8F59-4C8E1560188F.pdf},
file = {{DB74EFE5-A1B4-4509-8F59-4C8E1560188F.pdf:/Users/martin/Dropbox/Papers/Library.papers3/Files/DB/DB74EFE5-A1B4-4509-8F59-4C8E1560188F.pdf:application/pdf}},
uri = {\url{papers3://publication/doi/10.1107/S1600577515002283}}
}

@article{Bernstein:2012bx,
author = {Bernstein, N and Johannes, M D and Hoang, Khang},
title = {{Origin of the Structural Phase Transition in Li$_7$La$_3$Zr$_2$O$_{12}$}},
journal = {Physical Review Letters},
year = {2012},
volume = {109},
number = {20},
pages = {205702--5},
month = nov,
keywords = {lithium garnet, LLZO, Phase transition},
doi = {10.1103/PhysRevLett.109.205702},
language = {English},
read = {Yes},
rating = {0},
date-added = {2020-05-06T14:20:27GMT},
date-modified = {2020-05-07T09:26:46GMT},
url = {https://link.aps.org/doi/10.1103/PhysRevLett.109.205702},
local-url = {file://localhost/Users/martin/Dropbox/Papers/Library.papers3/Files/F3/F314E7CB-EA11-4B8F-850C-BE2595B02D71.pdf},
file = {{F314E7CB-EA11-4B8F-850C-BE2595B02D71.pdf:/Users/martin/Dropbox/Papers/Library.papers3/Files/F3/F314E7CB-EA11-4B8F-850C-BE2595B02D71.pdf:application/pdf}},
uri = {\url{papers3://publication/doi/10.1103/PhysRevLett.109.205702}}
}

@article{Buschmann:2011jo,
author = {Buschmann, Henrik and D o lle, Janis and Berendts, Stefan and Kuhn, Alexander and Bottke, Patrick and Wilkening, Martin and Heitjans, Paul and Senyshyn, Anatoliy and Ehrenberg, Helmut and Lotnyk, Andriy and Duppel, Viola and Kienle, Lorenz and Janek, J\"{u}rgen},
title = {{Structure and dynamics of the fast lithium ion conductor ``Li$_7$La$_3$Zr$_2$O$_{12}$''}},
journal = {Physical Chemistry Chemical Physics},
year = {2011},
volume = {13},
number = {43},
pages = {19378--15},
keywords = {Crystal structure, lithium garnet, LLZO, neutron diffraction, x-ray diffraction},
doi = {10.1039/c1cp22108f},
language = {English},
read = {Yes},
rating = {0},
date-added = {2020-05-06T14:18:21GMT},
date-modified = {2020-05-07T09:26:46GMT},
url = {http://xlink.rsc.org/?DOI=c1cp22108f},
local-url = {file://localhost/Users/martin/Dropbox/Papers/Library.papers3/Files/5C/5C0646E3-B556-46CF-9A3D-4AE3C135E6EC.pdf},
file = {{5C0646E3-B556-46CF-9A3D-4AE3C135E6EC.pdf:/Users/martin/Dropbox/Papers/Library.papers3/Files/5C/5C0646E3-B556-46CF-9A3D-4AE3C135E6EC.pdf:application/pdf}},
uri = {\url{papers3://publication/doi/10.1039/c1cp22108f}}
}

@article{FeiChen:2018ja,
author = {Fei Chen, Junyang Li Zhifeng Huang Ying Yang Qiang Shen and Lianmeng Zhang},
title = {{Origin of the Phase Transition in Lithium Garnets}},
year = {2018},
pages = {1--10},
month = jan,
keywords = {DFT, lithium garnet, LLZO, Molecular dynamics, Phase transition},
doi = {10.1021/acs.jpcc.7b10911},
read = {Yes},
rating = {0},
date-added = {2020-05-06T14:18:16GMT},
date-modified = {2020-05-07T09:26:46GMT},
abstract = {J. Phys. Chem. C 2018.122:1963-1972},
local-url = {file://localhost/Users/martin/Dropbox/Papers/Library.papers3/Files/A1/A1CC1C1F-546D-484B-94B0-840B9869CBA1.pdf},
file = {{A1CC1C1F-546D-484B-94B0-840B9869CBA1.pdf:/Users/martin/Dropbox/Papers/Library.papers3/Files/A1/A1CC1C1F-546D-484B-94B0-840B9869CBA1.pdf:application/pdf}},
uri = {\url{papers3://publication/doi/10.1021/acs.jpcc.7b10911}}
}

@article{Geiger:2011cg,
author = {Geiger, Charles A and Alekseev, Evgeny and Lazic, Biljana and Fisch, Martin and Armbruster, Thomas and Langner, Ramona and Fechtelkord, Michael and Kim, Namjun and Pettke, Thomas and Weppner, Werner},
title = {{Crystal Chemistry and Stability of {\textquotedblleft}Li 7La 3Zr 2O 12{\textquotedblright} Garnet: A Fast Lithium-Ion Conductor}},
journal = {Inorganic Chemistry},
year = {2011},
volume = {50},
number = {3},
pages = {1089--1097},
month = feb,
keywords = {Crystal structure, lithium garnet, LLZO},
doi = {10.1021/ic101914e},
language = {English},
read = {Yes},
rating = {0},
date-added = {2020-05-05T10:57:20GMT},
date-modified = {2020-05-07T09:26:46GMT},
url = {https://pubs.acs.org/doi/10.1021/ic101914e},
local-url = {file://localhost/Users/martin/Dropbox/Papers/Library.papers3/Files/D8/D8608F1F-E6E8-47D6-BB5C-3CB368B1D6FE.pdf},
file = {{D8608F1F-E6E8-47D6-BB5C-3CB368B1D6FE.pdf:/Users/martin/Dropbox/Papers/Library.papers3/Files/D8/D8608F1F-E6E8-47D6-BB5C-3CB368B1D6FE.pdf:application/pdf;D8608F1F-E6E8-47D6-BB5C-3CB368B1D6FE.pdf:/Users/martin/Dropbox/Papers/Library.papers3/Files/D8/D8608F1F-E6E8-47D6-BB5C-3CB368B1D6FE.pdf:application/pdf}},
uri = {\url{papers3://publication/doi/10.1021/ic101914e}}
}

@article{Han:2012is,
author = {Han, Jiantao and Zhu, Jinlong and Li, Yutao and Yu, Xiaohui and Wang, Shanmin and Wu, Gang and Xie, Hui and Vogel, Sven C and Izumi, Fujio and Momma, Koichi and Kawamura, Yukihiko and Huang, Yunhui and Goodenough, John B and Zhao, Yusheng},
title = {{Experimental visualization of lithium conduction pathways in garnet-type Li$_7$La$_3$Zr$_2$O$_{12}$}},
journal = {Chemical Communications},
year = {2012},
volume = {48},
number = {79},
pages = {9840--3},
keywords = {Crystal structure, lithium garnet, LLZO, neutron diffraction},
doi = {10.1039/c2cc35089k},
language = {English},
read = {Yes},
rating = {0},
date-added = {2020-05-06T14:18:11GMT},
date-modified = {2020-05-07T09:26:46GMT},
url = {http://xlink.rsc.org/?DOI=c2cc35089k},
local-url = {file://localhost/Users/martin/Dropbox/Papers/Library.papers3/Files/14/14582C86-E731-4F89-BD6C-3D5CD2F5E63D.pdf},
file = {{14582C86-E731-4F89-BD6C-3D5CD2F5E63D.pdf:/Users/martin/Dropbox/Papers/Library.papers3/Files/14/14582C86-E731-4F89-BD6C-3D5CD2F5E63D.pdf:application/pdf}},
uri = {\url{papers3://publication/doi/10.1039/c2cc35089k}}
}

@article{Kataoka:2019go,
author = {Kataoka, Kunimitsu and Akimoto, Junji},
title = {{Lithium-ion conductivity and crystal structure of garnet-type solid electrolyte Li$_{7{\textminus}x}$La$_3$Zr$_{2{\textminus}x}$Ta$_x$O$_{12}$ using single-crystal}},
journal = {Journal of the Ceramic Society of Japan},
year = {2019},
volume = {127},
number = {8},
pages = {521--526},
keywords = {Crystal structure, lithium garnet, LLZO, x-ray diffraction},
doi = {10.2109/jcersj2.19022},
language = {English},
read = {Yes},
rating = {0},
date-added = {2020-05-06T14:18:40GMT},
date-modified = {2020-05-07T09:26:46GMT},
url = {https://www.jstage.jst.go.jp/article/jcersj2/127/8/127_19022/_article},
local-url = {file://localhost/Users/martin/Dropbox/Papers/Library.papers3/Files/72/72F89D33-83A4-44D7-862C-F70647F9AFB2.pdf},
file = {{72F89D33-83A4-44D7-862C-F70647F9AFB2.pdf:/Users/martin/Dropbox/Papers/Library.papers3/Files/72/72F89D33-83A4-44D7-862C-F70647F9AFB2.pdf:application/pdf}},
uri = {\url{papers3://publication/doi/10.2109/jcersj2.19022}}
}

@article{Klenk:2015ey,
author = {Klenk, Matthew and Lai, Wei},
title = {{Local structure and dynamics of lithium garnet ionic conductors: tetragonal and cubic Li 7La 3Zr 2O 7}},
journal = {Physical Chemistry Chemical Physics},
year = {2015},
volume = {17},
number = {14},
pages = {8758--8768},
publisher = {Royal Society of Chemistry},
keywords = {battery material, lithium garnet, LLZO, Molecular dynamics},
doi = {10.1039/C4CP05690F},
language = {English},
read = {Yes},
rating = {0},
date-added = {2019-03-06T11:01:17GMT},
date-modified = {2020-05-07T09:26:46GMT},
abstract = {Physical Chemistry Chemical Physics (2015), 17, 8758-8768, doi:10.1039/C4CP05690F},
url = {http://xlink.rsc.org/?DOI=C4CP05690F},
local-url = {file://localhost/Users/martin/Dropbox/Papers/Library.papers3/Files/EF/EF74A0E0-916F-49C1-B558-C7A903D14597.pdf},
file = {{EF74A0E0-916F-49C1-B558-C7A903D14597.pdf:/Users/martin/Dropbox/Papers/Library.papers3/Files/EF/EF74A0E0-916F-49C1-B558-C7A903D14597.pdf:application/pdf}},
uri = {\url{papers3://publication/doi/10.1039/C4CP05690F}}
}

@article{Li:2012fz,
author = {Li, Yutao and Han, Jian- Tao and Wang, Chang- An and Vogel, Sven C and Xie, Hui and Xu, Maowen and Goodenough, John B},
title = {{Ionic distribution and conductivity in lithium garnet Li$_7$La$_3$Zr$_2$O$_{12}$}},
journal = {Journal of Power Sources},
year = {2012},
volume = {209},
pages = {278--281},
month = jul,
publisher = {Elsevier B.V.},
keywords = {CrystalMaker, lithium garnet, LLZO, neutron diffraction},
doi = {10.1016/j.jpowsour.2012.02.100},
read = {Yes},
rating = {0},
date-added = {2020-05-06T14:18:07GMT},
date-modified = {2020-05-07T09:26:46GMT},
abstract = {Journal of Power Sources, 209 (2012) 278-281. 10.1016/j.jpowsour.2012.02.100},
url = {http://dx.doi.org/10.1016/j.jpowsour.2012.02.100},
local-url = {file://localhost/Users/martin/Dropbox/Papers/Library.papers3/Files/FC/FCECD850-36EF-41FE-9D8F-C0FF83CCB3A1.pdf},
file = {{FCECD850-36EF-41FE-9D8F-C0FF83CCB3A1.pdf:/Users/martin/Dropbox/Papers/Library.papers3/Files/FC/FCECD850-36EF-41FE-9D8F-C0FF83CCB3A1.pdf:application/pdf}},
uri = {\url{papers3://publication/doi/10.1016/j.jpowsour.2012.02.100}}
}

@article{Samson:2019eo,
author = {Samson, Alfred Junio and Hofstetter, Kyle and Bag, Sourav and Thangadurai, Venkataraman},
title = {{A bird's-eye view of Li-stuffed garnet-type Li$_7$La$_3$Zr$_2$O$_{12}$ ceramic electrolytes for advanced all-solid-state Li batteries}},
journal = {Energy {\&} Environmental Science},
year = {2019},
volume = {12},
number = {10},
pages = {2957--2975},
publisher = {Royal Society of Chemistry},
keywords = {lithium garnet, LLZO, Review},
doi = {10.1039/C9EE01548E},
language = {English},
rating = {0},
date-added = {2020-05-06T14:18:34GMT},
date-modified = {2020-05-07T09:26:46GMT},
abstract = {Energy {\&} Environmental Science (2019), 12, 2957-2975, doi:10.1039/c9ee01548e},
url = {http://xlink.rsc.org/?DOI=C9EE01548E},
local-url = {file://localhost/Users/martin/Dropbox/Papers/Library.papers3/Files/7D/7D0DDFC4-7269-43B2-9F34-F52364B26659.pdf},
file = {{7D0DDFC4-7269-43B2-9F34-F52364B26659.pdf:/Users/martin/Dropbox/Papers/Library.papers3/Files/7D/7D0DDFC4-7269-43B2-9F34-F52364B26659.pdf:application/pdf}},
uri = {\url{papers3://publication/doi/10.1039/C9EE01548E}}
}

@article{Wagner:2016bh,
author = {Wagner, Rienhard and Redhammer, Gunther J and Rettenwander, Daniel and Senyshyn, Anatoliy and Schmidt, Walter and Wilkening, Martin and Amthauer, Georg},
title = {{Crystal Structure of Garnet-Related Li-Ion Conductor Li$_{7{\textminus}3x}$Ga$_x$La$_3$Zr$_2$O$_{12}$: Fast Li-Ion Conduction Caused by a Different Cubic Modification?}},
journal = {Chemistry of Materials},
year = {2016},
volume = {28},
pages = {1861--1871},
keywords = {Crystal structure, lithium garnet, LLZO, x-ray diffraction},
doi = {10.1021/acs.chemmater.6b00038},
read = {Yes},
rating = {0},
date-added = {2020-05-06T14:29:46GMT},
date-modified = {2020-05-07T09:26:46GMT},
abstract = {Chem. Mater. 2016.28:1861-1871},
local-url = {file://localhost/Users/martin/Dropbox/Papers/Library.papers3/Files/B2/B21F9F10-E82E-4999-813A-40956943EE9E.pdf},
file = {{B21F9F10-E82E-4999-813A-40956943EE9E.pdf:/Users/martin/Dropbox/Papers/Library.papers3/Files/B2/B21F9F10-E82E-4999-813A-40956943EE9E.pdf:application/pdf}},
uri = {\url{papers3://publication/doi/10.1021/acs.chemmater.6b00038}}
}

@article{Wang:2014ic,
author = {Wang, Yuxing and Huq, Ashfia and Lai, Wei},
title = {{Insight into lithium distribution in lithium-stuffed garnet oxides through neutron diffraction and atomistic simulation: Li7-xLa3Zr2-xTaxO12 (x=0{\textendash}2) series}},
journal = {Solid State Ionics},
year = {2014},
volume = {255},
number = {C},
pages = {39--49},
month = jan,
publisher = {Elsevier B.V.},
keywords = {battery material, Crystal structure, lithium garnet, LLZO, Molecular dynamics, neutron diffraction},
doi = {10.1016/j.ssi.2013.11.017},
read = {Yes},
rating = {0},
date-added = {2019-10-26T05:54:09GMT},
date-modified = {2020-05-07T09:26:46GMT},
abstract = {Solid State Ionics, 255 (2014) 39-49. doi:10.1016/j.ssi.2013.11.017},
url = {http://dx.doi.org/10.1016/j.ssi.2013.11.017},
local-url = {file://localhost/Users/martin/Dropbox/Papers/Library.papers3/Files/9D/9DC54C87-0363-4158-915B-F928B2D84A50.pdf},
file = {{9DC54C87-0363-4158-915B-F928B2D84A50.pdf:/Users/martin/Dropbox/Papers/Library.papers3/Files/9D/9DC54C87-0363-4158-915B-F928B2D84A50.pdf:application/pdf}},
uri = {\url{papers3://publication/doi/10.1016/j.ssi.2013.11.017}}
}

@article{Xie:2011gv,
author = {Xie, Hui and Alonso, Jose A and Li, Yutao and Fernamdex-Diaz, Maria T and Goodenough, John B},
title = {{Lithium Distribution in Aluminum-Free Cubic Li}},
journal = {Chemistry of Materials},
year = {2011},
volume = {23},
pages = {3587--3589},
keywords = {Crystal structure, lithium garnet, LLZO, neutron diffraction},
doi = {10.1021/cm201671k},
read = {Yes},
rating = {0},
date-added = {2020-05-06T14:17:56GMT},
date-modified = {2020-05-07T09:26:46GMT},
abstract = {Chem. Mater. 2011.23:3587-3589},
local-url = {file://localhost/Users/martin/Dropbox/Papers/Library.papers3/Files/6D/6D711120-E69E-4D97-BE48-FAC66B1DBDBB.pdf},
file = {{6D711120-E69E-4D97-BE48-FAC66B1DBDBB.pdf:/Users/martin/Dropbox/Papers/Library.papers3/Files/6D/6D711120-E69E-4D97-BE48-FAC66B1DBDBB.pdf:application/pdf}},
uri = {\url{papers3://publication/doi/10.1021/cm201671k}}
}


%% Created using Papers on Thu, 07 May 2020.
%% http://papersapp.com/papers/

@article{Arnold:2014iy,
author = {Arnold, O and Bilheux, J C and Borreguero, J M and Buts, A and Campbell, S I and Chapon, L and Doucet, M and Draper, N and Leal, R Ferraz and Gigg, M A and Lynch, V E and Markvardsen, A and Mikkelson, D J and Mikkelson, R L and Miller, R and Palmen, K and Parker, P and Passos, G and Perring, T G and Peterson, P F and Ren, S and Reuter, M A and Savici, A T and Taylor, J W and Taylor, R J and Tolchenov, R and Zhou, W and Zikovsky, J},
title = {{Mantid---Data analysis and visualization package for neutron scattering and $\mu$ SR experiments}},
journal = {Nuclear Inst. and Methods in Physics Research, A},
year = {2014},
volume = {764},
number = {C},
pages = {156--166},
month = nov,
publisher = {Elsevier},
keywords = {mantid, standard set for scattering paper},
doi = {10.1016/j.nima.2014.07.029},
read = {Yes},
rating = {0},
date-added = {2019-02-02T10:43:18GMT},
date-modified = {2019-11-03T17:07:28GMT},
abstract = {Nuclear Inst. and Methods in Physics Research, A, 764 + (2014) 156-166. doi:10.1016/j.nima.2014.07.029},
url = {http://dx.doi.org/10.1016/j.nima.2014.07.029},
local-url = {file://localhost/Users/martin/Dropbox/Papers/Library.papers3/Files/D5/D5D163A6-5392-437C-A155-ECDB71C94A13.pdf},
file = {{D5D163A6-5392-437C-A155-ECDB71C94A13.pdf:/Users/martin/Dropbox/Papers/Library.papers3/Files/D5/D5D163A6-5392-437C-A155-ECDB71C94A13.pdf:application/pdf}},
uri = {\url{papers3://publication/doi/10.1016/j.nima.2014.07.029}}
}

@article{Dove:2013gk,
author = {Dove, Martin T and Rigg, Gary},
title = {{RMCgui: a new interface for the workflow associated with running Reverse Monte Carlo simulations}},
journal = {Journal of Physics: Condensed Matter},
year = {2013},
volume = {25},
number = {45},
pages = {454222--9},
month = oct,
publisher = {IOP Publishing},
keywords = {RMC, RMCGUI, RMCprofile, standard set for scattering paper},
doi = {10.1088/0953-8984/25/45/454222},
language = {English},
rating = {0},
date-added = {2019-08-25T11:17:01GMT},
date-modified = {2020-04-04T19:31:02GMT},
url = {http://stacks.iop.org/0953-8984/25/i=45/a=454222?key=crossref.2d4fd466c9b6d1d8686cc9303a376c1a},
local-url = {file://localhost/Users/martin/Dropbox/Papers/Library.papers3/Files/AC/AC5BD214-C272-473D-B599-02BD232C5AED.pdf},
file = {{AC5BD214-C272-473D-B599-02BD232C5AED.pdf:/Users/martin/Dropbox/Papers/Library.papers3/Files/AC/AC5BD214-C272-473D-B599-02BD232C5AED.pdf:application/pdf;AC5BD214-C272-473D-B599-02BD232C5AED.pdf:/Users/martin/Dropbox/Papers/Library.papers3/Files/AC/AC5BD214-C272-473D-B599-02BD232C5AED.pdf:application/pdf}},
uri = {\url{papers3://publication/doi/10.1088/0953-8984/25/45/454222}}
}

@article{Hannon:2005cy,
author = {Hannon, Alex C},
title = {{Results on disordered materials from the GEneral Materials diffractometer, GEM, at ISIS}},
journal = {Nuclear Instruments and Methods in Physics Research Section A: Accelerators, Spectrometers, Detectors and Associated Equipment},
year = {2005},
volume = {551},
number = {1},
pages = {88--107},
month = oct,
keywords = {GEM, ISIS, PDF, standard set for scattering paper, TOTAL SCATTERING},
doi = {10.1016/j.nima.2005.07.053},
language = {English},
read = {Yes},
rating = {0},
date-added = {2018-11-16T20:57:40GMT},
date-modified = {2020-02-24T08:20:55GMT},
url = {http://linkinghub.elsevier.com/retrieve/pii/S0168900205014853},
local-url = {file://localhost/Users/martin/Dropbox/Papers/Library.papers3/Files/CE/CEA628E9-AAEA-45E3-9640-B6C46D8AFDA5.pdf},
file = {{CEA628E9-AAEA-45E3-9640-B6C46D8AFDA5.pdf:/Users/martin/Dropbox/Papers/Library.papers3/Files/CE/CEA628E9-AAEA-45E3-9640-B6C46D8AFDA5.pdf:application/pdf;CEA628E9-AAEA-45E3-9640-B6C46D8AFDA5.pdf:/Users/martin/Dropbox/Papers/Library.papers3/Files/CE/CEA628E9-AAEA-45E3-9640-B6C46D8AFDA5.pdf:application/pdf}},
uri = {\url{papers3://publication/doi/10.1016/j.nima.2005.07.053}}
}

@article{Keen:2001wc,
author = {Keen, David A},
title = {{A comparison of various commonly used correlation functions for describing total scattering.}},
journal = {Journal of Applied Crystallography},
year = {2001},
volume = {34},
number = {2},
pages = {172--177},
month = apr,
keywords = {NTE, PDF, standard set for scattering paper, total scattering},
doi = {10.1107/S0021889800019993},
read = {Yes},
rating = {0},
date-added = {2014-08-09T05:25:04GMT},
date-modified = {2020-04-04T19:31:02GMT},
url = {http://scripts.iucr.org/cgi-bin/paper?S0021889800019993},
local-url = {file://localhost/Users/martin/Dropbox/Papers/Library.papers3/Files/8C/8C37EF85-F079-48D1-BE3D-0A1AE482498F.pdf},
file = {{8C37EF85-F079-48D1-BE3D-0A1AE482498F.pdf:/Users/martin/Dropbox/Papers/Library.papers3/Files/8C/8C37EF85-F079-48D1-BE3D-0A1AE482498F.pdf:application/pdf;8C37EF85-F079-48D1-BE3D-0A1AE482498F.pdf:/Users/martin/Dropbox/Papers/Library.papers3/Files/8C/8C37EF85-F079-48D1-BE3D-0A1AE482498F.pdf:application/pdf}},
uri = {\url{papers3://publication/doi/10.1107/S0021889800019993}}
}

@techreport{Larson:2004wv,
author = {Larson, A C and Von Dreele, R B},
title = {{General Structure Analysis System (GSAS)}},
institution = {Los Alamos National Laboratory},
year = {2004},
number = {LAUR 86-748},
month = sep,
affiliation = {Los Alamos National Laboratory},
keywords = {GSAS, Juan, standard set for scattering paper},
read = {Yes},
rating = {0},
date-added = {2019-02-14T14:02:05GMT},
date-modified = {2019-11-03T17:08:22GMT},
local-url = {file://localhost/Users/martin/Dropbox/Papers/Library.papers3/Files/A7/A7B0A962-7F93-4B4D-B776-EDD0AECB3031.pdf},
file = {{A7B0A962-7F93-4B4D-B776-EDD0AECB3031.pdf:/Users/martin/Dropbox/Papers/Library.papers3/Files/A7/A7B0A962-7F93-4B4D-B776-EDD0AECB3031.pdf:application/pdf}},
uri = {\url{papers3://publication/uuid/088D112B-7A5B-4744-A9EC-A5A52CABCD8C}}
}

@techreport{Soper:2012vs,
author = {Soper, Alan K},
title = {{GudrunN and GudrunX : programs for correcting raw neutron and X-ray diffraction data to differential scattering cross section}},
institution = {Rutherford Appleton Laboratory},
year = {2011},
number = {RAL-TR-2011-013},
month = jul,
affiliation = {Rutherford Appleton Laboratory},
keywords = {Gudrun, GudrunN, GudrunX, Juan, PDF, standard set for scattering paper},
read = {Yes},
rating = {0},
date-added = {2016-04-17T19:24:08GMT},
date-modified = {2020-02-24T08:20:46GMT},
url = {https://epubs.stfc.ac.uk/work/56240},
local-url = {file://localhost/Users/martin/Dropbox/Papers/Library.papers3/Files/A9/A9D3110C-264F-430E-BDC5-A0FD5D3AF4F6.pdf},
file = {{A9D3110C-264F-430E-BDC5-A0FD5D3AF4F6.pdf:/Users/martin/Dropbox/Papers/Library.papers3/Files/A9/A9D3110C-264F-430E-BDC5-A0FD5D3AF4F6.pdf:application/pdf}},
uri = {\url{papers3://publication/uuid/E3CEADB0-0D3F-402E-8370-B67245FB8E0B}}
}

@article{gsasgui,
author = {Toby, Brian H},
title = {{EXPGUI, a graphical user interface for  GSAS}},
journal = {Journal of Applied Crystallography},
year = {2001},
volume = {34},
number = {2},
pages = {210--213},
keywords = {Expgui, GSAS, Juan, Rietveld, standard set for scattering paper},
doi = {10.1107/S0021889801002242},
rating = {0},
date-added = {2018-01-14T10:56:42GMT},
date-modified = {2020-04-04T19:31:02GMT},
url = {https://doi.org/10.1107/S0021889801002242},
uri = {\url{papers3://publication/doi/10.1107/S0021889801002242}}
}

@article{Todorov:2006ee,
author = {Todorov, Ilian T and Smith, William and Trachenko, Kostya and Dove, Martin T},
title = {{DL\_POLY\_3: new dimensions in molecular dynamics simulations via massive parallelism}},
journal = {Journal of Materials Chemistry},
year = {2006},
volume = {16},
number = {20},
pages = {1911--8},
keywords = {DL_POLY, Min ZIF paper 2015, standard set for scattering paper, Yizheng},
doi = {10.1039/b517931a},
language = {English},
read = {Yes},
rating = {0},
date-added = {2015-08-27T15:49:31GMT},
date-modified = {2020-04-04T19:31:02GMT},
url = {http://xlink.rsc.org/?DOI=b517931a},
local-url = {file://localhost/Users/martin/Dropbox/Papers/Library.papers3/Files/13/13ADEF6B-0459-4538-AD3E-658003DE7902.pdf},
file = {{13ADEF6B-0459-4538-AD3E-658003DE7902.pdf:/Users/martin/Dropbox/Papers/Library.papers3/Files/13/13ADEF6B-0459-4538-AD3E-658003DE7902.pdf:application/pdf}},
uri = {\url{papers3://publication/doi/10.1039/b517931a}}
}

@article{Tucker:2007eh,
author = {Tucker, Matthew G and Keen, David A and Dove, Martin T and Goodwin, Andrew L and Hui, Qun},
title = {{RMCProfile: reverse Monte Carlo for polycrystalline materials.}},
journal = {Journal of Physics: Condensed Matter},
year = {2007},
volume = {19},
number = {33},
pages = {335218--16},
month = jul,
keywords = {Juan, NTE, PDF, RMC, RMCprofile, standard set for scattering paper},
doi = {10.1088/0953-8984/19/33/335218},
rating = {0},
date-added = {2015-03-07T05:30:30GMT},
date-modified = {2020-04-04T19:31:02GMT},
url = {http://stacks.iop.org/0953-8984/19/i=33/a=335218?key=crossref.c106d3416c654cf5080f03bf3ed33802},
local-url = {file://localhost/Users/martin/Dropbox/Papers/Library.papers3/Files/6F/6F68DABB-F998-47E5-B345-918010A2D903.pdf},
file = {{6F68DABB-F998-47E5-B345-918010A2D903.pdf:/Users/martin/Dropbox/Papers/Library.papers3/Files/6F/6F68DABB-F998-47E5-B345-918010A2D903.pdf:application/pdf}},
uri = {\url{papers3://publication/doi/10.1088/0953-8984/19/33/335218}}
}


@article{Soper:2011fda,
author = {Soper, A K and Barney, E R},
title = {{Extracting the pair distribution function from white-beam X-ray total scattering data.}},
journal = {J. Appl. Cryst (2011). 44 [doi:10.1107/S0021889811021455]},
year = {2011},
pages = {1--13},
month = jun,
publisher = {International Union of Crystallography},
keywords = {PDF, standard set for scattering paper, TOTAL SCATTERING},
doi = {10.1107/S0021889811021455},
language = {English},
read = {Yes},
rating = {0},
date-added = {2014-06-14T18:19:33GMT},
date-modified = {2020-05-10T10:00:02GMT},
abstract = {A general method is described for reducing white-beam X-ray total scattering raw data to the differential scattering cross section and pair distribution function. The method incorporates corrections for X-ray fluorescence, Bremsstrahlung radiation, polarization, attenuation, multiple scattering and sample container scattering, and invokes the Krogh-Moe and Norman method to put the data on an absolute scale. An accurate method to convert the differential scattering cross section to the pair distribution function is also described, and a rigorous and revised Lorch function is proposed for removing the effects of Fourier truncation oscillations. The method can be equally applied to synchrotron X-ray data, where the data analysis can be simpler than at a laboratory source.},
local-url = {file://localhost/Users/martin/Dropbox/Papers/Library.papers3/Files/8D/8DE16C26-4C66-4DD3-8AB1-4FA104C1F837.pdf},
file = {{8DE16C26-4C66-4DD3-8AB1-4FA104C1F837.pdf:/Users/martin/Dropbox/Papers/Library.papers3/Files/8D/8DE16C26-4C66-4DD3-8AB1-4FA104C1F837.pdf:application/pdf}},
uri = {\url{papers3://publication/doi/10.1107/S0021889811021455}}
}

@article{Awaka:2011il,
author = {Awaka, Junji and Takashima, Akira and Kataoka, Kunimitsu and Kijima, Norihito and Idemoto, Yasushi and Akimoto, Junji},
title = {{Crystal Structure of Fast Lithium-ion-conducting Cubic Li 7La 3Zr 2O 12}},
journal = {Chemistry Letters},
year = {2011},
volume = {40},
number = {1},
pages = {60--62},
month = jan,
keywords = {Crystal structure, lithium garnet, LLZO, x-ray diffraction},
doi = {10.1246/cl.2011.60},
language = {English},
rating = {0},
date-added = {2020-05-10T10:18:02GMT},
date-modified = {2020-05-10T10:18:54GMT},
url = {http://www.journal.csj.jp/doi/10.1246/cl.2011.60},
local-url = {file://localhost/Users/martin/Dropbox/Papers/Library.papers3/Files/7C/7C02315C-0431-49E4-AD9A-F7FFE8AE2E8C.pdf},
file = {{7C02315C-0431-49E4-AD9A-F7FFE8AE2E8C.pdf:/Users/martin/Dropbox/Papers/Library.papers3/Files/7C/7C02315C-0431-49E4-AD9A-F7FFE8AE2E8C.pdf:application/pdf;7C02315C-0431-49E4-AD9A-F7FFE8AE2E8C.pdf:/Users/martin/Dropbox/Papers/Library.papers3/Files/7C/7C02315C-0431-49E4-AD9A-F7FFE8AE2E8C.pdf:application/pdf}},
uri = {\url{papers3://publication/doi/10.1246/cl.2011.60}}
}

@article{Kataoka:2020bg,
author = {Kataoka, Kunimitsu},
title = {{Oxide single crystals with high lithium-ion conductivity as solid electrolytes for all-solid-state lithium secondary battery applications}},
journal = {Journal of the Ceramic Society of Japan},
year = {2020},
volume = {128},
number = {1},
pages = {7--18},
keywords = {lithium garnet, LLZO, Review},
doi = {10.2109/jcersj2.19094},
language = {English},
rating = {0},
date-added = {2020-05-10T10:21:43GMT},
date-modified = {2020-05-10T10:23:14GMT},
url = {https://www.jstage.jst.go.jp/article/jcersj2/128/1/128_19094/_article},
local-url = {file://localhost/Users/martin/Dropbox/Papers/Library.papers3/Files/12/12D2D3C4-1D84-400F-9597-F40DC60C0C73.pdf},
file = {{12D2D3C4-1D84-400F-9597-F40DC60C0C73.pdf:/Users/martin/Dropbox/Papers/Library.papers3/Files/12/12D2D3C4-1D84-400F-9597-F40DC60C0C73.pdf:application/pdf;12D2D3C4-1D84-400F-9597-F40DC60C0C73.pdf:/Users/martin/Dropbox/Papers/Library.papers3/Files/12/12D2D3C4-1D84-400F-9597-F40DC60C0C73.pdf:application/pdf}},
uri = {\url{papers3://publication/doi/10.2109/jcersj2.19094}}
}

@article{Keen:2005dd,
author = {Keen, D A and Tucker, M G and Dove, M T},
title = {{Reverse Monte Carlo modelling of crystalline disorder}},
journal = {Journal of Physics: Condensed Matter},
year = {2005},
volume = {17},
number = {5},
pages = {S15--S22},
month = jan,
keywords = {Juan, RMC, RMCprofile, standard set for scattering paper},
doi = {10.1088/0953-8984/17/5/002},
read = {Yes},
rating = {0},
date-added = {2017-11-25T17:34:27GMT},
date-modified = {2020-05-10T11:23:37GMT},
url = {http://stacks.iop.org/0953-8984/17/i=5/a=002?key=crossref.74def65068599dbc77bc091a36a5fd21},
local-url = {file://localhost/Users/martin/Dropbox/Papers/Library.papers3/Files/03/0374AAE6-4342-437A-802F-2C9DBABEFA44.pdf},
file = {{0374AAE6-4342-437A-802F-2C9DBABEFA44.pdf:/Users/martin/Dropbox/Papers/Library.papers3/Files/03/0374AAE6-4342-437A-802F-2C9DBABEFA44.pdf:application/pdf}},
uri = {\url{papers3://publication/doi/10.1088/0953-8984/17/5/002}}
}

@article{Dove2002,
author = {Dove, Martin T and Tucker, Matthew G and Keen, David A},
title = {{Neutron total scattering method: simultaneous determination of long-range and short-range order in disordered materials}},
journal = {European Journal of Mineralogy},
year = {2002},
volume = {14},
number = {2},
pages = {331--348},
keywords = {neutron scattering, RMC, standard set for scattering paper, TOTAL SCATTERING},
doi = {doi:10.1127/0935-1221/2002/0014-0331},
rating = {0},
date-added = {2018-01-14T10:56:41GMT},
date-modified = {2020-05-10T11:22:15GMT},
url = {http://www.ingentaconnect.com/content/schweiz/ejm/2002/00000014/00000002/art00009},
uri = {\url{papers3://publication/doi/doi:10.1127/0935-1221/2002/0014-0331}}
}

@article{Lorch:1969js,
author = {Lorch, E},
title = {{Neutron diffraction by germania, silica and radiation-damaged silica glasses.}},
journal = {Journal of Physics C: Solid State Physics},
year = {1969},
volume = {2},
number = {2},
pages = {229--237},
publisher = {IOP Publishing},
keywords = {Lorch, PDF, TOTAL SCATTERING},
doi = {10.1088/0022-3719/2/2/305},
language = {English},
read = {Yes},
rating = {0},
date-added = {2016-03-10T09:28:15GMT},
date-modified = {2020-05-10T11:27:33GMT},
url = {http://stacks.iop.org/0022-3719/2/i=2/a=305?key=crossref.50ce2974eca02cc8d6e3b9ad5566e9fc},
local-url = {file://localhost/Users/martin/Dropbox/Papers/Library.papers3/Files/07/07665AFD-EA65-421D-B7B9-4D59B4F513E5.pdf},
file = {{07665AFD-EA65-421D-B7B9-4D59B4F513E5.pdf:/Users/martin/Dropbox/Papers/Library.papers3/Files/07/07665AFD-EA65-421D-B7B9-4D59B4F513E5.pdf:application/pdf;07665AFD-EA65-421D-B7B9-4D59B4F513E5.pdf:/Users/martin/Dropbox/Papers/Library.papers3/Files/07/07665AFD-EA65-421D-B7B9-4D59B4F513E5.pdf:application/pdf}},
uri = {\url{papers3://publication/doi/10.1088/0022-3719/2/2/305}}
}

@article{Soper:2012kr,
author = {Soper, Alan K and Barney, Emma R},
title = {{On the use of modification functions when Fourier transforming total scattering data.}},
journal = {Journal of Applied Crystallography},
year = {2012},
volume = {45},
number = {6},
pages = {1314--1317},
month = oct,
publisher = {International Union of Crystallography},
keywords = {Lorch, PDF, TOTAL SCATTERING},
doi = {10.1107/S002188981203960X},
language = {English},
read = {Yes},
rating = {0},
date-added = {2016-03-10T09:33:21GMT},
date-modified = {2020-05-10T11:28:47GMT},
abstract = {When Fourier transforming radiation total scattering data to the pair distribution function it is common to use a `modification' function to help reduce the termination ripples that would otherwise occur as a result of the finite range and counting statistics of the scattering data. One of the most common functions employed was proposed by Lorch [J. Phys. C Solid State Phys. (1969), 2, 229{\textendash}237]. In a recent article [Soper {\&} Barney (2011). J. Appl. Cryst. 44, 714{\textendash}726] a revised version of this function was proposed. Here the effectiveness of these two functions at removing spurious structure from Fourier transformed data is compared. It is found that the two functions produce equivalent results, unless the broadening is allowed to increase with r, in which case the revised Lorch function is better at suppressing spurious oscillations. The presence of counting statistics produces a marked increase in the amplitude of the truncation oscillations.},
url = {http://scripts.iucr.org/cgi-bin/paper?S002188981203960X},
local-url = {file://localhost/Users/martin/Dropbox/Papers/Library.papers3/Files/F5/F54119C3-F242-490B-A5D7-8A270101F802.pdf},
file = {{F54119C3-F242-490B-A5D7-8A270101F802.pdf:/Users/martin/Dropbox/Papers/Library.papers3/Files/F5/F54119C3-F242-490B-A5D7-8A270101F802.pdf:application/pdf;F54119C3-F242-490B-A5D7-8A270101F802.pdf:/Users/martin/Dropbox/Papers/Library.papers3/Files/F5/F54119C3-F242-490B-A5D7-8A270101F802.pdf:application/pdf}},
uri = {\url{papers3://publication/doi/10.1107/S002188981203960X}}
}

%% Created using Papers on Sun, 10 May 2020.
%% http://papersapp.com/papers/

@article{Adams:2000ez,
author = {Adams, St and Swenson, J},
title = {{Determining Ionic Conductivity from Structural Models of Fast Ionic Conductors}},
journal = {Physical Review Letters},
year = {2000},
volume = {84},
number = {18},
pages = {4144--4147},
month = may,
publisher = {American Physical Society},
keywords = {fast-ion conductors, RMC},
doi = {10.1103/PhysRevLett.84.4144},
language = {English},
rating = {0},
date-added = {2020-05-10T15:47:08GMT},
date-modified = {2020-05-10T15:58:40GMT},
abstract = {Reverse Monte Carlo produced structural models of silver ion conducting glasses and crystals have been investigated by the bond-valence technique. Both absolute ionic conductivity and activation energy can be determined directly from the ``pathway volume'' of the structural models, i.e., from the volume fraction of the percolating pathway cluster. This pathway volume--conductivity relation was found to hold for glassy and crystalline systems with silver ion conductivities differing by more than 11 orders of magnitude. Earlier, less universal rules were rationalized and unified by means of this approach.},
url = {https://link.aps.org/doi/10.1103/PhysRevLett.84.4144},
local-url = {file://localhost/Users/martin/Dropbox/Papers/Library.papers3/Files/09/0900B85B-36FB-43C1-8429-00F826A6301C.pdf},
file = {{0900B85B-36FB-43C1-8429-00F826A6301C.pdf:/Users/martin/Dropbox/Papers/Library.papers3/Files/09/0900B85B-36FB-43C1-8429-00F826A6301C.pdf:application/pdf;0900B85B-36FB-43C1-8429-00F826A6301C.pdf:/Users/martin/Dropbox/Papers/Library.papers3/Files/09/0900B85B-36FB-43C1-8429-00F826A6301C.pdf:application/pdf}},
uri = {\url{papers3://publication/doi/10.1103/PhysRevLett.84.4144}}
}

@article{Adams:2002ga,
author = {Adams, S},
title = {{Pathway models for fast ion conductors by combination of bond valence and reverse Monte Carlo methods}},
journal = {Solid State Ionics},
year = {2002},
volume = {154-155},
pages = {151--159},
month = dec,
keywords = {fast-ion conductors, RMC},
doi = {10.1016/S0167-2738(02)00423-X},
language = {English},
read = {Yes},
rating = {0},
date-added = {2020-05-10T15:45:11GMT},
date-modified = {2020-05-10T15:58:40GMT},
url = {https://linkinghub.elsevier.com/retrieve/pii/S016727380200423X},
local-url = {file://localhost/Users/martin/Dropbox/Papers/Library.papers3/Files/BE/BE1CC12C-09A7-4710-91AB-2F11AF0C58B3.pdf},
file = {{BE1CC12C-09A7-4710-91AB-2F11AF0C58B3.pdf:/Users/martin/Dropbox/Papers/Library.papers3/Files/BE/BE1CC12C-09A7-4710-91AB-2F11AF0C58B3.pdf:application/pdf;BE1CC12C-09A7-4710-91AB-2F11AF0C58B3.pdf:/Users/martin/Dropbox/Papers/Library.papers3/Files/BE/BE1CC12C-09A7-4710-91AB-2F11AF0C58B3.pdf:application/pdf}},
uri = {\url{papers3://publication/doi/10.1016/S0167-2738(02)00423-X}}
}

@article{Adams:2005ds,
author = {Adams, Stefan and Swenson, Jan},
title = {{Bond valence analysis of reverse Monte Carlo produced structural models; a way to understand ion conduction in glasses}},
journal = {Journal of Physics: Condensed Matter},
year = {2005},
volume = {17},
number = {5},
pages = {S87--S101},
month = jan,
publisher = {IOP Publishing},
keywords = {fast-ion conductors, RMC},
doi = {10.1088/0953-8984/17/5/010},
language = {English},
rating = {0},
date-added = {2020-05-10T15:56:53GMT},
date-modified = {2020-05-10T15:58:40GMT},
url = {https://iopscience.iop.org/article/10.1088/0953-8984/17/5/010},
local-url = {file://localhost/Users/martin/Dropbox/Papers/Library.papers3/Files/00/00A02BAD-A6AA-451A-97CF-45C6B31C49C3.pdf},
file = {{00A02BAD-A6AA-451A-97CF-45C6B31C49C3.pdf:/Users/martin/Dropbox/Papers/Library.papers3/Files/00/00A02BAD-A6AA-451A-97CF-45C6B31C49C3.pdf:application/pdf;00A02BAD-A6AA-451A-97CF-45C6B31C49C3.pdf:/Users/martin/Dropbox/Papers/Library.papers3/Files/00/00A02BAD-A6AA-451A-97CF-45C6B31C49C3.pdf:application/pdf}},
uri = {\url{papers3://publication/doi/10.1088/0953-8984/17/5/010}}
}

@article{Swenson:2001if,
author = {Swenson, Jan and Adams, Stefan},
title = {{Application of the bond valence method to reverse Monte Carlo produced structural models of superionic glasses}},
journal = {Physical Review B},
year = {2001},
volume = {64},
number = {2},
pages = {281--10},
month = jun,
keywords = {fast-ion conductors, RMC},
doi = {10.1103/PhysRevB.64.024204},
language = {English},
rating = {0},
date-added = {2020-05-10T15:29:34GMT},
date-modified = {2020-05-10T15:58:40GMT},
url = {https://link.aps.org/doi/10.1103/PhysRevB.64.024204},
local-url = {file://localhost/Users/martin/Dropbox/Papers/Library.papers3/Files/BC/BC6FC171-B9C7-4FA2-8D42-B6001619792C.pdf},
file = {{BC6FC171-B9C7-4FA2-8D42-B6001619792C.pdf:/Users/martin/Dropbox/Papers/Library.papers3/Files/BC/BC6FC171-B9C7-4FA2-8D42-B6001619792C.pdf:application/pdf}},
uri = {\url{papers3://publication/doi/10.1103/PhysRevB.64.024204}}
}

@article{McGreevy:1988bu,
author = {McGreevy, R L and Pusztai, L},
title = {{Reverse Monte Carlo Simulation: A New Technique for the Determination of Disordered Structures}},
journal = {Molecular Simulation},
year = {1988},
volume = {1},
number = {6},
pages = {359--367},
month = dec,
keywords = {RMC},
doi = {10.1080/08927028808080958},
language = {English},
rating = {0},
date-added = {2016-05-10T09:27:35GMT},
date-modified = {2020-03-29T10:06:52GMT},
url = {http://www.tandfonline.com/doi/abs/10.1080/08927028808080958},
local-url = {file://localhost/Users/martin/Dropbox/Papers/Library.papers3/Files/B1/B10358FE-E0F0-4251-8A9B-7ADDF1EF5E06.pdf},
file = {{B10358FE-E0F0-4251-8A9B-7ADDF1EF5E06.pdf:/Users/martin/Dropbox/Papers/Library.papers3/Files/B1/B10358FE-E0F0-4251-8A9B-7ADDF1EF5E06.pdf:application/pdf}},
uri = {\url{papers3://publication/doi/10.1080/08927028808080958}}
}

%% Created using Papers on Mon, 11 May 2020.
%% http://papersapp.com/papers/

@article{Hoover:1985cu,
author = {Hoover, William G},
title = {{Canonical dynamics: Equilibrium phase-space distributions}},
journal = {Physical Review A},
year = {1985},
volume = {31},
number = {3},
pages = {1695--1697},
month = mar,
keywords = {MD, Min ZIF paper 2015, standard set for scattering paper},
doi = {10.1103/PhysRevA.31.1695},
language = {English},
read = {Yes},
rating = {0},
date-added = {2015-09-08T15:12:26GMT},
date-modified = {2020-05-11T08:25:06GMT},
url = {http://link.aps.org/doi/10.1103/PhysRevA.31.1695},
local-url = {file://localhost/Users/martin/Dropbox/Papers/Library.papers3/Files/03/03AC28DA-8A78-4F6F-BD9F-47E02A57600A.pdf},
file = {{03AC28DA-8A78-4F6F-BD9F-47E02A57600A.pdf:/Users/martin/Dropbox/Papers/Library.papers3/Files/03/03AC28DA-8A78-4F6F-BD9F-47E02A57600A.pdf:application/pdf;03AC28DA-8A78-4F6F-BD9F-47E02A57600A.pdf:/Users/martin/Dropbox/Papers/Library.papers3/Files/03/03AC28DA-8A78-4F6F-BD9F-47E02A57600A.pdf:application/pdf}},
uri = {\url{papers3://publication/doi/10.1103/PhysRevA.31.1695}}
}

@article{Melchionna:2006fi,
author = {Melchionna, Simone and Ciccotti, Giovanni and Lee Holian, Brad},
title = {{Hoover $NPT$ dynamics for systems varying in shape and size}},
journal = {Molecular Physics},
year = {2006},
volume = {78},
number = {3},
pages = {533--544},
month = aug,
keywords = {MD, standard set for scattering paper},
doi = {10.1080/00268979300100371},
language = {English},
rating = {0},
date-added = {2020-04-07T11:35:38GMT},
date-modified = {2020-05-11T08:33:32GMT},
url = {https://www.tandfonline.com/doi/full/10.1080/00268979300100371},
local-url = {file://localhost/Users/martin/Dropbox/Papers/Library.papers3/Files/D0/D0FC0F21-86D7-43E1-B716-1D30AFF30A55.pdf},
file = {{D0FC0F21-86D7-43E1-B716-1D30AFF30A55.pdf:/Users/martin/Dropbox/Papers/Library.papers3/Files/D0/D0FC0F21-86D7-43E1-B716-1D30AFF30A55.pdf:application/pdf;D0FC0F21-86D7-43E1-B716-1D30AFF30A55.pdf:/Users/martin/Dropbox/Papers/Library.papers3/Files/D0/D0FC0F21-86D7-43E1-B716-1D30AFF30A55.pdf:application/pdf}},
uri = {\url{papers3://publication/doi/10.1080/00268979300100371}}
}

@article{Nose:1984bf,
author = {Nos{\'e}, Shuichi},
title = {{A unified formulation of the constant temperature molecular dynamics methods}},
journal = {The Journal of Chemical Physics},
year = {1984},
volume = {81},
number = {1},
pages = {511--10},
keywords = {MD, Min ZIF paper 2015, standard set for scattering paper},
doi = {10.1063/1.447334},
language = {English},
read = {Yes},
rating = {0},
date-added = {2015-09-08T15:09:35GMT},
date-modified = {2020-05-11T08:32:36GMT},
url = {http://scitation.aip.org/content/aip/journal/jcp/81/1/10.1063/1.447334},
local-url = {file://localhost/Users/martin/Dropbox/Papers/Library.papers3/Files/AF/AF9A2F09-216A-42BB-B106-54AA27BA94C0.pdf},
file = {{AF9A2F09-216A-42BB-B106-54AA27BA94C0.pdf:/Users/martin/Dropbox/Papers/Library.papers3/Files/AF/AF9A2F09-216A-42BB-B106-54AA27BA94C0.pdf:application/pdf;AF9A2F09-216A-42BB-B106-54AA27BA94C0.pdf:/Users/martin/Dropbox/Papers/Library.papers3/Files/AF/AF9A2F09-216A-42BB-B106-54AA27BA94C0.pdf:application/pdf}},
uri = {\url{papers3://publication/doi/10.1063/1.447334}}
}

@article{Parrinello:1980kx,
author = {Parrinello, M and Rahman, A},
title = {{Crystal Structure and Pair Potentials: A Molecular-Dynamics Study}},
journal = {Physical Review Letters},
year = {1980},
volume = {45},
number = {14},
pages = {1196--1199},
month = oct,
publisher = {American Physical Society},
keywords = {MD, standard set for scattering paper},
doi = {10.1103/PhysRevLett.45.1196},
language = {English},
rating = {0},
date-added = {2020-04-07T11:40:24GMT},
date-modified = {2020-05-11T08:32:24GMT},
abstract = {With use of a Lagrangian which allows for the variation of the shape and size of the periodically repeating molecular-dynamics cell, it is shown that different pair potentials lead to different crystal structures.},
url = {https://link.aps.org/doi/10.1103/PhysRevLett.45.1196},
local-url = {file://localhost/Users/martin/Dropbox/Papers/Library.papers3/Files/6C/6CCC2183-7ADF-4661-938F-59BEEC58DA01.pdf},
file = {{6CCC2183-7ADF-4661-938F-59BEEC58DA01.pdf:/Users/martin/Dropbox/Papers/Library.papers3/Files/6C/6CCC2183-7ADF-4661-938F-59BEEC58DA01.pdf:application/pdf;6CCC2183-7ADF-4661-938F-59BEEC58DA01.pdf:/Users/martin/Dropbox/Papers/Library.papers3/Files/6C/6CCC2183-7ADF-4661-938F-59BEEC58DA01.pdf:application/pdf}},
uri = {\url{papers3://publication/doi/10.1103/PhysRevLett.45.1196}}
}



